@book{heinrich_2008_objektorientierte_systemanalyse,
    author		= {Gert Heinrich and Klaus Mairon},
    title		= {Objektorientierte Systemanalyse},
    shorttitle	= {Objektorientierte Systemanalyse},
    year		= {2008},
    publisher	= {Oldenbourg Verlag},
    location	= {MÃ¼nchen}
}

@online{example_com_abc_kunden,
    author		= "{ABC GmbH}",
    title		= {ABC-Kunden},
    shorttitle	= {ABC-Kunden},
    url			= {https://example.com/},
    urldate		= {2020-08-06},
    date        = {2019-04-01}
}
